@BOOK{FundamentalsOfNetworkForensicsReference,
      author =       "R.C. Joshi and Emmanuel S. Pilli",
      title =        "Fundamentals of Network Forensics.",
      publisher =    "Springer",
      year =         "2016",
      isbn =         "978-1-4471-7297-0",
    }
@BOOK{HandsOnNetworkForensicsReference,
      author =       "Nipun Jaswal",
      title =        "Hands-On Network Forensics",
      publisher =    "Packt",
      year =         "2019",
      isbn =         "978-1789344523",
    }
@BOOK{BookTrackingHackersReference,
      author =       "Sherri Davidoff and Jonathan Ham",
      title =        "Network Forensics Tracking Hackers through Cyberspace",
      publisher =    "Prentice hall",
      year =         "2012",
      isbn =         "978-0132564717",
    }
@BOOK{MatousekBookReference,
      author =       "Petr Matoušek",
      title =        "Síťové aplikace a jejich architektura",
      publisher =    "Nakladatelství VUTIUM",
      year =         "2014",
      isbn =         "978-80-214-3766-1",
    }

    
@BOOK{EnisaReference,
      author =       "Tobias Gebhardt and Hans P. Reiser",
      title =        {Network Forensics for Cloud Computing},
      publisher =    "Springer, Berlin, Heidelberg",
      year =         "2013",
      isbn =         "978-3-642-38540-7",
    }

@BOOK{SPA,
      author =       "Michael S. Mikowski and Josh C. Powell",
      title =        {Single Page Web Applications: JavaScript end-to-end},
      publisher =    "Manning",
      year =         "2013",
      isbn =         "978-1617290756",
    }

    @BOOK{ComputerNetworking,
      author =       "James F. Kurose and Keith W. Ross",
      title =        {Computer Networking: A Top-Down Approach eighth edition},
      publisher =    "Pearson",
      year =         "2022",
      isbn =         "9356061319",
    }

@website{NetworkMinerReference,
      title =        {NetworkMiner},
      howpublished = "online",
      year =         "2022",
      url =          "https://www.netresec.com/?page=NetworkMiner",
      cited =        "2022-12-18"
    }

@website{NmapReference,
      title =        {Nmap},
      howpublished = "online",
      year =         "2022",
      url =          "https://nmap.org/",
      cited =        "2022-12-18"
    }

@website{IPScanReference,
      title =        {IPScan},
      howpublished = "online",
      year =         "2022",
      url =          "https://nmap.org/https://angryip.org/about/",
      cited =        "2022-12-18"
    }

@website{LibpcapReference,
    title =        {Libpcap Library},
    howpublished = "online",
    year =         "2007",
    url =          "https://www.sciencedirect.com/topics/computer-science/libpcap-library",
    cited =        "2022-12-18"
}
    
@website{HalReference,
      author =       "European Union Agency for Cybersecurity",
      title =        {Introduction to Network Forensics},
      howpublished = "online",
      year =         "2019",
      url =          "https://www.enisa.europa.eu/topics/trainings-for-cybersecurity-specialists/online-training-material/documents/introduction-to-network-forensics-handbook.pdf",
      cited =        "2022-12-02"
    }
@website{LogicalBasedNFReference,
      author =       "Changwei Liu and Anoop Singhal and Duminda Wijesekera",
      title =        {Introduction to Network Forensics},
      howpublished = "online",
      year =         "",
      url =          "https://csrc.nist.gov/CSRC/media/Projects/Measuring-Security-Risk-in-Enterprise-Networks/documents/logic_based_network_forensices_model-for_evidence_analysis.pdf",
      cited =        "2022-12-02"
    }
@website{WebComputerForensicsReference,
      author =       "Ben Lutkevich",
      title =        {computer forensics (cyber forensics)},
      howpublished = "online",
      year =         "2022",
      url =          "https://www.techtarget.com/searchsecurity/definition/computer-forensics",
      cited =        "2022-12-02"
    }
    
@website{XplicoReference,
      author =       "",
      title =        {Xplico},
      howpublished = "online",
      year =         "2022",
      url =          "https://www.xplico.org/",
      cited =        "2022-12-02"
    }
@website{NiksunNetDetectorReference,
      author =       "Niksun",
      title =        {Niksun},
      howpublished = "online",
      year =         "2022",
      url =          "https://www.niksun.com/netdetector.php",
      cited =        "2022-12-02"
    }
@website{NiksunNetDetectorIBMReference,
      author =       "IBM",
      title =        {IBMNetDetector},
      howpublished = "online",
      year =         "2022",
      url =          "https://www-50.ibm.com/partnerworld/gsd/solutiondetails.do?solution=14447&lc=en&stateCd=P&tab=2",
      cited =        "2022-12-02"
    }
@website{NiksunNetDetectorLiveReference,
      author =       "Niksun",
      title =        {Niksun NetDetector Live},
      howpublished = "online",
      year =         "2022",
      url =          "https://www.niksun.com/c/1/ds/NIKSUNDatasheet_NetDetectorLive.pdf",
      cited =        "2022-12-02"
    }

@website{IPTrafReference,
      title =        {IPTraf},
      howpublished = "online",
      year =         "2022",
      url =         "http://iptraf.seul.org/about.html",
      cited =        "2022-12-19"
    }

@website{NIDSvsHIDSGeeksReference,
      title =        {NIDS vs HIDS},
      howpublished = "online",
      year =         "2022",
      url =          "https://www.geeksforgeeks.org/difference-between-hids-and-nids/",
      cited =        "2022-12-19"
    }

@website{SuricataReference,
      title =        {Suricata},
      howpublished = "online",
      year =         "2022",
      url =          "https://suricata.io/",
      cited =        "2022-12-19"
    }
@website{ZembjakovaReference,
      title =        {Network forensics tools survey and taxanomy},
      howpublished = "online",
      year =         "2021",
      url =          "https://www.vut.cz/www_base/zav_prace_soubor_verejne.php?file_id=231003",
      cited =        "2022-12-20"
    }











@website{NessusReference,
      title =        {Nessus},
      howpublished = "online",
      year =         "2022",
      url =         "https://www.tenable.com/products/nessus",
      cited =        "2022-12-20"
    }


@website{MetaspoiltProReference,
      title =        {Metaspoilt Pro},
      howpublished = "online",
      year =         "2022",
      url =         "https://www.rapid7.com/products/metasploit/download/editions/",
      cited =        "2022-12-20"
    }
@website{MetaspoiltFrameworkReference,
      title =        {Metaspoilt Framework},
      howpublished = "online",
      year =         "2022",
      url =         "https://docs.rapid7.com/metasploit/msf-overview",
      cited =        "2022-12-20"
    }






   
@website{WikiPPPReference,
      title =        {Point-to-Point Protocol},
      howpublished = "online",
      year =         "2022",
      url =          "https://en.wikipedia.org/wiki/Point-to-Point_Protocol",
      cited =        "2022-12-18"
    }
@website{WikiSLIPReference,
      title =        {Serial Line Internet Protocol },
      howpublished = "online",
      year =         "2022",
      url =         "https://en.wikipedia.org/wiki/Serial_Line_Internet_Protocol",
      cited =        "2022-12-18"
    }
@website{WikiISDNReference,
      title =        {Integrated Services Digital Network },
      howpublished = "online",
      year =         "2022",
      url =         "https://en.wikipedia.org/wiki/Integrated_Services_Digital_Network",
      cited =        "2022-12-18"
    }
@website{WikiFDDIReference,
      title =        {Fiber Distributed Data Interface},
      howpublished = "online",
      year =         "2022",
      url =         "https://en.wikipedia.org/wiki/Fiber_Distributed_Data_Interface",
      cited =        "2022-12-18"
    }
@website{mdnWebDoc,
      title =        {MDN Web Docs},
      howpublished = "online",
      year =         "2023",
      url =         "https://developer.mozilla.org/en-US/docs/Glossary/SPA",
      cited =        "2023-3-3"
    }
@website{WebAssembly,
      title =        {WebAssembly},
      howpublished = "online",
      year =         "2023",
      url =         "https://webassembly.org/",
      cited =        "2023-3-6"
    }
@website{MicrosoftBlazor,
      title =        {Microsoft Blazor},
      howpublished = "online",
      year =         "2023",
      url =         "https://learn.microsoft.com/en-us/aspnet/core/blazor/?view=aspnetcore-7.0",
      cited =        "2023-3-6"
    }
@website{MicrosoftSignalR,
      title =        {Microsoft SignalR},
      howpublished = "online",
      year =         "2023",
      url =         "https://learn.microsoft.com/en-us/aspnet/core/signalr/introduction?view=aspnetcore-7.0",
      cited =        "2023-3-6"
    }
